@techreport{Dutertre-Sorea,
  author      = "B. Dutertre and M. Sorea",
  title       = "Timed Systems in {SAL}",
  number      = "SRI-SDL-04-03",
  year        = "2004",
  month       = "July",
  institution = "SRI International"}



@InCollection{asm,
  author =       {Wolfgang Reisig},
  title =        {Abstract State Machines for the Classroom},
  booktitle =    {Logics of Specification Languages},
  OPTcrossref =  {},
  OPTkey =       {},
  publisher = {Springer},
  year =      {2008},
  OPTeditor =    {},
  OPTvolume =    {},
  OPTnumber =    {},
  OPTseries =    {},
  OPTtype =      {},
  OPTchapter =   {},
  OPTpages =     {},
  OPTedition =   {},
  OPTmonth =     {},
  OPTaddress =   {},
  OPTnote =      {},
  OPTannote =    {}
}

@TechReport{om-acl2-impl,
  author =       {William R. Bevier and William D. Young},
  title =        {The Proof of Correctness of a Fault-Tolerant Circuit Design},
  institution =  {Computational Logic, Inc.},
  year =         {1990},
  OPTkey =       {},
  OPTtype =      {},
  number =    {57},
  OPTaddress =   {},
  OPTmonth =     {},
  note =      {Available at \url{http://computationallogic.com/reports/index.html}},
  OPTannote =    {}
}

@ARTICLE{Young97:IC,
  TITLE = {Comparing Verification Systems: {Interactive Consistency} in {ACL2}},
  AUTHOR = {William D. Young},
  JOURNAL = {IEEE Transactions on Software Engineering},
  PAGES = {214--223},
  VOLUME = 23,
  NUMBER = 4,
  MONTH = APR,
  YEAR = 1997
}
